[gd_scene load_steps=7 format=2]

[ext_resource path="res://Scenes/Planet.tscn" type="PackedScene" id=1]
[ext_resource path="res://Scenes/Trail.tscn" type="PackedScene" id=2]
[ext_resource path="res://Scenes/Aimer.tscn" type="PackedScene" id=3]
[ext_resource path="res://Scenes/Camera.gd" type="Script" id=4]
[ext_resource path="res://Scenes/Projectile.tscn" type="PackedScene" id=5]
[ext_resource path="res://Scenes/World.gd" type="Script" id=7]

[node name="World" type="Node2D"]
script = ExtResource( 7 )

[node name="Trail" parent="." instance=ExtResource( 2 )]
modulate = Color( 1, 0.741176, 0.411765, 1 )
MAX_LENGTH = 150
THICKNESS = 2
target_path = NodePath("../Projectile")

[node name="Camera" type="Camera2D" parent="."]
anchor_mode = 0
current = true
script = ExtResource( 4 )
duration = 1.0

[node name="ShakeTimer" type="Timer" parent="Camera"]

[node name="Planet" parent="." instance=ExtResource( 1 )]

[node name="Aimer" parent="." instance=ExtResource( 3 )]

[node name="Projectile" parent="." instance=ExtResource( 5 )]
position = Vector2( -29, -28 )
[connection signal="timeout" from="Camera/ShakeTimer" to="Camera" method="_on_ShakeTimer_timeout"]
[connection signal="fired" from="Projectile" to="Trail" method="_on_Projectile_fired"]
[connection signal="hit" from="Projectile" to="Trail" method="_on_Projectile_hit"]
